@inproceedings{Kozen:1999:LS:645728.667701,
 author = {Kozen, Dexter},
 title = {Language-Based Security},
 booktitle = {Proceedings of the 24th International Symposium on Mathematical Foundations of Computer Science},
 series = {MFCS '99},
 year = {1999},
 isbn = {3-540-66408-4},
 pages = {284--298},
 numpages = {15},
 url = {http://dl.acm.org/citation.cfm?id=645728.667701},
 acmid = {667701},
 publisher = {Springer-Verlag},
 address = {London, UK, UK},
}

@book{Pierce:2002:TPL:509043,
 author = {Pierce, Benjamin C.},
 title = {Types and Programming Languages},
 year = {2002},
 isbn = {0262162091, 9780262162098},
 edition = {1st},
 publisher = {The MIT Press},
} 
